<?xml version="1.0" encoding="UTF-8"?><collection xmlns="http://www.loc.gov/MARC21/slim"><record><leader>00498nam--2200169-i-4500</leader><controlfield tag="001">000012355</controlfield><controlfield tag="002">20161230</controlfield><controlfield tag="005">20170222000506</controlfield><controlfield tag="008">060222s1000------------r-----000-0-eng-d</controlfield><datafield ind1=" " ind2=" " tag="080"><subfield code="a">519.713(082.L)</subfield></datafield><datafield ind1=" " ind2=" " tag="245"><subfield code="a">Automata theory and formal languages 2 nd glconf. May 20-23, 1975</subfield></datafield><datafield ind1=" " ind2=" " tag="260"><subfield code="a">Berlin</subfield><subfield code="b">Springer-Verlag</subfield><subfield code="c">1975</subfield></datafield><datafield ind1=" " ind2=" " tag="300"><subfield code="a">VIII + 292 p</subfield></datafield><datafield ind1=" " ind2=" " tag="490"><subfield code="a">Lecture Notes In Computer Science</subfield></datafield><datafield ind1=" " ind2=" " tag="700"><subfield code="a">Brakkee, Martinus Johannes Donatus</subfield></datafield><datafield ind1=" " ind2=" " tag="852"><subfield code="a">4538L</subfield></datafield><datafield ind1=" " ind2=" " tag="CAT"><subfield code="a">SYS</subfield><subfield code="c">20170222</subfield><subfield code="h">000506</subfield></datafield></record></collection>